<?xml version="1.0" encoding="UTF-8"?><collection xmlns="http://www.loc.gov/MARC21/slim"><record><leader>00347nam--2200133-i-4500</leader><controlfield tag="001">000024383</controlfield><controlfield tag="002">20161230</controlfield><controlfield tag="005">20161230201035</controlfield><controlfield tag="008">060222s1000------------r-----000-0-eng-d</controlfield><datafield ind1=" " ind2=" " tag="080"><subfield code="a">621.317</subfield></datafield><datafield ind1=" " ind2=" " tag="100"><subfield code="a">James, S</subfield></datafield><datafield ind1=" " ind2=" " tag="245"><subfield code="a">Electricity meters and instrument transformers</subfield></datafield><datafield ind1=" " ind2=" " tag="260"><subfield code="a">London, Chapman And Hall Ltd., 1952, Xi + 467 P</subfield></datafield><datafield ind1=" " ind2=" " tag="852"><subfield code="a">75452</subfield></datafield></record></collection>